@music{billywoods2020,
  title = {Dead Cars},
  date = {2020},
  booktitle = {Shrines},
  publisher = {Backwoodz Studios},
  author = {{billy woods} and {Elucid} and {RAP Ferreira}},
  editor = {Kenny Segal},
  editortype = {producer},
  number = {BWZ 762}
}

@music{kendricklamar2011,
  title = {Rigamortis},
  date = {2011},
  booktitle = {Section.80},
  publisher = {Top Dawg Entertainment},
  author = {{Kendrick Lamar}},
  editor = {{Willie B} and {Sounwave}},
  editortype = {producer},
  number = {399711}
}

@music{mfdoomGD2004,
  title = {Great Day},
  date = {2004},
  booktitle = {Madvilliany},
  publisher = {Stones Throw Records},
  author = {{MF DOOM}},
  editor = {{Madlib}},
  editortype = {producer},
  number = {STH2065}
  }

@music{mfdoomOB2004,
  title = {One Beer},
  date = {2004},
  booktitle = {{MM... FOOD}},
  publisher = {{Rhymesayers Entertainment}},
  author = {{MF DOOM}},
  editor = {{Madlib}},
  editortype = {producer},
  number = {RSE0051-2}
}

@music{milo2015,
  title = {Rabblerouse},
  date = {2015},
  booktitle = {So The Flies Don't Come},
  publisher = {Ruby Yacht},
  author = {Milo},
  editor = {Kenny Segal},
  editortype = {producer},
  number = {RBYT002}
}

@music{moormother202,
  title = {Tiberius},
  date = {2020},
  booktitle = {Brass},
  publisher = {{Backwoodz Studios}},
  author = {{Moor Mother} and {billy woods} and {Elucid}},
  editor = {{Child Actor}},
  editortype = {producer},
  number = {BWZ766}
}

@music{openmikeeagle2010,
  title = {Unapologetic},
  date = {2010},
  booktitle = {Unapologetic Art Rap},
  publisher = {Mush},
  author = {{Open Mike Eagle} and {Nocando}},
  editor = {Awkward},
  editortype={producer},
  number = {MH-269}
}

@music{rapferreira2020,
  title = {{NONCIPHER}},
  date = {2020},
  booktitle = {Purple Moonlight Pages},
  publisher = {Ruby Yacht},
  author = {{R.A.P. Ferreira}},
  editor = {The Jefferson Park Boys},
  editortype = {producer},
  number = {RBYT013}
}

@music{rubyyacht2019,
  title = {{uppity}},
  date = {2019},
  booktitle = {37 GEMS},
  publisher = {Ruby Yacht},
  author = {{Eldon Somers} and {R.A.P. Ferreira}},
  editor = {S.AL},
  editortype = {producer}
}

@book{adamkrimsMusicUrbanGeography2007,
  title = {Music and Urban Geography},
  author = {Adam Krims},
  date = {2007},
  publisher = {Routledge},
  location = {New York},
  pagetotal = {203}}

@book{adamkrimsRapMusicPoetics2000,
  title = {Rap Music and the Poetics of Identity},
  author = {Adam Krims},
  date = {2000},
  publisher = {Cambridge University Press},
  location = {New York},
  pagetotal = {217}}
  
@thesis{amandasewellTypologySamplingHipHop2013,
  type = {phdthesis},
  title = {A Typology of Sampling in Hip-Hop},
  author = {Amanda Sewell},
  date = {2013},
  institution = {Indiana University},
  location = {Bloomington}
}

@incollection{amandasewellNerdcoreHiphop2015,
  title = {Nerdcore Hip-Hop},
  booktitle = {The Cambridge Companion to Hip-Hop},
  author = {Amanda Sewell},
  editor = {Williams, Justin A.},
  date = {2015},
  pages = {223--231},
  publisher = {Cambridge University Press},
  location = {Cambridge}
}

@incollection{annedanielsenHereThereEverywhere2016,
  title = {Here, There, and Everywhere: Three Accounts of Pulse in D'Angelo's `Left and Right'},
  shorttitle = {Here, There, and Everywhere},
  booktitle = {Musical Rhythm in the Age of Digial Reproduction},
  author = {Anne Danielsen},
  date = {2016},
  pages = {19--35},
  publisher = {Routledge},
  location = {London}}
  
@online{backwoodzhiphopKennySegalPresents2019,
  title = {Kenny Segal Presents Hiding Places - The Instrumentals},
  author = {{Backwoodz Hip-Hop}},
  date = {2019-08-23},
  url = {https://backwoodzhiphop.com/out-now-kenny-segal-presents-hiding-places-the-instrumentals/},
  organization = {Backwoodz Studioz}
}

@thesis{benduinkerDiversificationPostRegionalismNorth2020,
  type = {phdthesis},
  title = {Diversification and Post-Regionalism in North American Hip-Hop Flow},
  shorttitle = {Diversification and Post-Regionalism},
  author = {Ben Duinker},
  date = {2020},
  institution = {McGill University},
  location = {Montreal},
  pagetotal = {294}
}
  
@article{benduinkerSegmentationPhrasingMeter2021,
  title = {Segmentation, Phrasing, and Meter in Hip-Hop Music},
  shorttitle = {Segmentation, Phrasing, and Meter},
  author = {Ben Duinker},
  date = {2021-10},
  journaltitle = {Music Theory Spectrum},
  shortjournal = {Spectrum},
  volume = {43},
  number = {2},
  pages = {221--245}
}

@article{benduinkerSongFormMainstreaming2020,
  title = {Song Form and the Mainstreaming of Hip-Hop Music},
  shorttitle = {Song Form and Mainstreaming}, 
  author = {Ben Duinker},
  date = {2020},
  journaltitle = {Current Musicology},
  volume = {107},
  pages = {93--135}
}

@book{benedictandersonImaginedCommunitiesReflections2006,
  title = {Imagined Communities: Reflections on the Origin and Spread of Nationalism},
  shorttitle = {Imagined Communities},
  author = {Benedict Anderson},
  date = {2006},
  publisher = {Verso},
  location = {New York}}
  
@video{chrismenchTrackingManyVoices2017,
  title = {Tracking The Many Voices Of Kendrick Lamar},
  editor = {Chris Mench},
  date = {2017-08-01},
  publisher = {{Genius News}},
  url = {https://www.youtube.com/watch?v=6EYiOL90Ty4},
  editortype = {director}
}
  
@incollection{christabronGlassHiphopProduction2015,
  title = {The Glass: Hip-Hop Production},
  shorttitle = {The Glass},
  booktitle = {The Cambridge Companion to Hip-Hop},
  author = {Chris Tabron},
  editor = {Williams, Justin A.},
  date = {2015},
  pages = {135--151},
  publisher = {Cambridge University Press},
  location = {Cambridge}
}
@book{davidtemperleyMusicalLanguageRock2018,
  title = {The Musical Language of Rock},
  author = {David Temperley},
  date = {2018},
  publisher = {{Oxford University Press}},
  location = {New York},
  pagetotal = {292}
}

@video{estellecaswellHowDillaHumanized2017,
  title = {How J Dilla Humanized His MPC3000},
  editor = {Estelle Caswell},
  date = {2017-12-06},
  publisher = {Vox Media},
  url = {https://www.youtube.com/watch?v=SENzTt3ftiU},
  editortype = {director}}

@video{estellecaswellRappingDeconstructedBest2016,
  title = {Rapping, Deconstructed: The Best Rhymers of All Time},
  shorttitle = {Rapping, Deconstructed},
  editor = {Estelle Caswell},
  date = {2016-05-19},
  publisher = {Vox Media},
  url = {https://www.youtube.com/watch?v=QWveXdj6oZU},
  editortype = {director}}

@article{ingridmonsonProblemWhiteHipness1995,
  title = {The Problem with White Hipness: Race, Gender, and Cultural Conceptions in Jazz Historical Discourse},
  shorttitle = {The Problem with White Hipness},
  author = {Ingrid Monson},
  date = {1995},
  journaltitle = {Journal of the American Musicological Society},
  volume = {48},
  number = {3},
  pages = {396--422},
  publisher = {University of California Press, American Musicological Society}}

@book{ingridmonsonSayingSomethingJazz1997,
  title = {Saying Something: Jazz Improvisation and Interaction},
  shorttitle = {Saying Something},
  author = {Ingrid Monson},
  date = {1996},
  publisher = {University of Chicago Press},
  location = {Chicago},
  pagetotal = {261}}
  
@book{jeffchangCanStopWon2005,
  title = {Can't Stop, Won't Stop: A History of the Hip-Hop Generation},
  shorttitle = {Can't Stop, Won't Stop},
  author = {Jeff Chang},
  date = {2005},
  publisher = {St. Martin's Press},
  location = {New York},
  pagetotal = {546}}

@article{joannademersSampling1970sHipHop2003,
  title = {Sampling the 1970s in Hip-Hop},
  author = {Joanna Demers},
  date = {2003},
  journaltitle = {Popular Music},
  volume = {22},
  number = {1},
  pages = {41--56},
  publisher = {Cambridge University Press}}
  
@book{josephgschlossMakingBeatsArt2004,
  title = {Making Beats: The Art of Sample-Based Hip-Hop},
  shorttitle = {Making Beats},
  author = {Joseph G. Schloss},
  date = {2004},
  publisher = {Wesleyan University Press},
  location = {Middletown},
  pagetotal = {272}}

@incollection{josephgschlossOriginEssenceDance2009,
  title = {"The Origin and Essence of Dance": History, Community, and Classic B-Boy Records},
  shorttitle = {The Origin and Essence of Dance},
  booktitle = {Foundations: B-Boys, B-Girls and Hip-Hop Culture in New York},
  author = {Joseph G. Schloss},
  date = {2009},
  pages = {18--39},
  publisher = {Oxford University Press},
  location = {New York}}

@article{justinawilliamsBeatsFlowsResponse2009,
  title = {Beats and Flows: A Response to Kyle Adams, "Aspects of the Music/Text Relationship in Rap"},
  shorttitle = {Beats and Flows},
  author = {Justin A. Williams},
  date = {2009-06},
  journaltitle = {Music Theory Online},
  shortjournal = {MTO},
  volume = {15},
  number = {2},
  url = {https://mtosmt.org/issues/mto.09.15.2/mto.09.15.2.williams.html}}

@article{justinawilliamsRappingPostcolonialityAkala2017,
  title = {Rapping Postcoloniality: Akala's 'The Thieves Banquet' and Neocolonial Critique},
  shorttitle = {Rapping Postcoloniality},
  author = {Justin A. Williams},
  date = {2017-02},
  journaltitle = {Popular Music and Society},
  volume = {40},
  number = {1},
  publisher = {Taylor \& Francis Group},
  url = {https://research-information.bris.ac.uk/en/publications/rapping-postcoloniality-akalas-the-thieves-banquet-and-neocolonia}}

@book{justinawilliamsRhyminStealinMusical2013,
  title = {Rhymin' and Stealin': Musical Borrowing in Hip-Hop Music},
  shorttitle = {Rhymin' and Stealin'},
  author = {Justin A. Williams},
  date = {2013},
  publisher = {University of Michigan Press},
  location = {Ann Arbor},
  pagetotal = {256}}

@incollection{kofiagawuInventionAfricanRhythm2003,
  title = {The Invention of African Rhythm},
  shorttitle = {Representing African Music},
  booktitle = {Representing African Music: Postcolonial Notes, Queries, Positions},
  author = {Kofi Agawu},
  date = {2003},
  pages = {55--70},
  publisher = {Routledge},
  location = {New York}}}

@article{kyleadamsAspectsMusicText2008,
  title = {Aspects of the Music/Text Relationship in Rap},
  shorttitle = {Aspects of the Music/Text Relationship},
  author = {Kyle Adams},
  date = {2008-05},
  journaltitle = {Music Theory Online},
  shortjournal = {MTO},
  volume = {14},
  number = {2},
  url = {https://mtosmt.org/issues/mto.08.14.2/mto.08.14.2.adams.html}}

@article{kyleadamsMetricalTechniquesFlow2009,
  title = {On the Metrical Techniques of Flow in Rap Music},
  shorttitle = {On the Metrical Techniques},
  author = {Kyle Adams},
  date = {2009-10},
  journaltitle = {Music Theory Online},
  shortjournal = {MTO},
  volume = {15},
  number = {5},
  url = {https://mtosmt.org/issues/mto.09.15.5/mto.09.15.5.adams.html}}
  
@article{kyleadamsHarmonicSyntacticMotivic2020,
  title = {Harmonic, Syntactic, and Motivic Parameters of Phrase in Hip-Hop},
  shorttitle = {Harmonic, Syntactic, Motivic},
  author = {Kyle Adams},
  date = {2020-09-01},
  journaltitle = {Music Theory Online},
  volume = {26},
  number = {2},
  url = {https://mtosmt.org/issues/mto.20.26.2/mto.20.26.2.adams.html}
}

@article{kyleadamsPeopleInstinctiveAssumptions2009,
  title = {`People's Instinctive Assumptions and the Paths of Narrative': A Response to Justin Williams},
  shorttitle = {"People's Instinctive Assumptions"},
  author = {Kyle Adams},
  date = {2009-06},
  journaltitle = {Music Theory Online},
  shortjournal = {MTO},
  volume = {15},
  number = {2},
  url = {https://mtosmt.org/issues/mto.09.15.2/mto.09.15.2.adams.html}}
  
@incollection{kyleadamsMusicalAnalysisHiphop2015,
  title = {The Musical Analysis of Hip-Hop},
  booktitle = {The Cambridge Companion to Hip-Hop},
  author = {Adams, Kyle},
  editor = {Williams, Justin A.},
  date = {2015},
  pages = {118--134},
  publisher = {Cambridge University Press},
  location = {Cambridge}
}

@book{lorenkajikawaSoundingRaceRap2015,
  title = {Sounding Race in Rap Songs},
  shorttitle = {Sounding Race},
  author = {Loren Kajikawa},
  date = {2015},
  publisher = {University of California Press},
  location = {Oakland},
  pagetotal = {224}}

@article{luis-manuelgarciaRepetitionProcessPleasure2005,
  title = {On and On: Repetition as Process and Pleasure in Electronic Dance Music},
  shorttitle = {On and On},
  author = {Luis-Manuel Garcia},
  date = {2005-10},
  journaltitle = {Music Theory Online},
  shortjournal = {MTO},
  volume = {11},
  number = {4},
  url = {https://mtosmt.org/issues/mto.05.11.4/mto.05.11.4.garcia.html}}

@misc{madlibPhantomMenaceRemix2005,
  title = {Phantom Menace: Remix Mag Interview With Madlib And Engineer Dave Cooley},
  shorttitle = {Phantom Menace},
  author = {{Remix Magazine}},
  date = {2005-05-05},
  url = {https://www.stonesthrow.com/news/phantom-menace-remix-mag-interview-with-madlib-and-engineer-dave-cooley/},
  editora = {{Madlib} and {Dave Cooley}},
  editoratype = {collaborator}
  }

@book{markjbutlerUnlockingGrooveRhythm2006,
  title = {Unlocking the Groove: Rhythm, Meter, and Musical Design in Electronic Dance Music},
  shorttitle = {Unlocking the Groove},
  author = {Mark J. Butler},
  date = {2006},
  publisher = {Indiana University Press},
  location = {Bloomington},
  pagetotal = {346}
}

@book{michaelberry2018listening,
  title = {Listening to Rap: An Introduction},
  shorttitle = {Listening to Rap},
  author = {Michael Berry},
  date = {2018},
  publisher = {Routledge},
  location = {New York},
  pagetotal = {288}
}

@article{coatesTeenyboppers2009,
  title = {Teenyboppers, Groupies, and Other Grotesques: Girls and Women and Rock Culture in the 1960s and Early 1970s},
  shorttitle = {Teenyboppers, Groupies, and Other Grotesques},
  author = {Coates, Norma},
  date = {2009-06},
  journaltitle = {Journal of Popular Music Studies},
  shortjournal = {JPMS},
  volume = {15},
  number = {1},
  pages = {65--94}
}

@book{mickeyhessHipHopDead2007,
    title = {Is Hip-Hop Dead? The Past, Present, and Future of America's Most Wanted Music},
    shortitle = {Is Hip-Hop Dead?},
    author = {Hess, Mickey},
    publisher = {Praeger},
    location = {Westport, CT},
    year = {2007},
    pagetotal = {196}
    }

@article{mickeyhessWasFoucaultPlagiarist2006,
  title = {Was Foucault a Plagiarist? Hip-Hop Sampling and Academic Citation},
  shorttitle = {Was Foucault a Plagiarist?},
  author = {Mickey Hess},
  date = {2006-01},
  journaltitle = {Computers and Composition},
  volume = {23},
  number = {3},
  pages = {280--295},
  url = {https://www.sciencedirect.com/science/article/pii/S8755461506000363}}
  
@incollection{mikederricoOffTheGrid2015,
  title = {Off the Grid: Instrumental Hip-Hop and Experimentalism after the Golden Age},
  shorttitle = {Off the Grid},
  author = {Mike D'errico},
  booktitle = {The Cambridge Companion to Hip-Hop},
  editor = {Justin A. Williams},
  publisher = {Cambridge University Press},
  location = {Cambridge},
  year = {2015},
  pages = {280-291}
}

@book{mitchellohrinerFlowRhythmicVoice2019,
  title = {Flow: The Rhythmic Voice in Rap Music},
  shorttitle = {Flow},
  author = {Mitchell Ohriner},
  date = {2019},
  publisher = {Oxford University Press},
  location = {New York},
  pagetotal = {248}
}

@incollection{ollywilsonHeterogeneousSoundIdeal1992,
  title = {The Heterogeneous Sound Ideal in African-American Music},
  booktitle = {New Perspectives on Music: Essays in Honor of Eileen Southern},
  author = {Olly Wilson},
  editor = {Josephine Wright},
  date = {1992},
  pages = {327--338},
  publisher = {Harmonie Park Press},
  location = {Sterling Heights}}
  
@incollection{peterwinklerWritingGhostNotes1997,
  title = {Writing Ghost Notes: The Poetics and Politics of Transcription},
  shorttitle = {Ghost Notes},
  booktitle = {Keeping Score: Music, Discplinarity, Culture},
  author = {Peter Winkler},
  editor = {{David Schwarz} and {Anahid Kassabian} and {Lawrence Siegel}},
  date = {1997},
  publisher = {University of Virginia Press},
  location = {Charlottesville},
  pages = {169--203}
}

@article{robertkomanieckiAnalyzingCollaborativeFlow2017,
  title = {Analyzing Collaborative Flow in Rap Music},
  author = {Robert Komaniecki},
  date = {2017-12},
  journaltitle = {Music Theory Online},
  shortjournal = {MTO},
  volume = {23},
  number = {4},
  url = {https://mtosmt.org/issues/mto.17.23.4/mto.17.23.4.komaniecki.html}}

@book{triciaroseBlackNoiseRap1994,
  title = {Black Noise: Rap Music and Black Culture in Contemporary America},
  shorttitle = {Black Noise},
  author = {Tricia Rose},
  date = {1994},
  publisher = {Wesleyan University Press},
  location = {Middletown, CT},
  pagetotal = {237}}
  
@book{triciaroseHipHopWarsWhat2008,
  title = {The Hip-Hop Wars: What We Talk About When We Talk About Hip-Hop—And Why It Matters},
  shorttitle = {The Hip-Hop Wars},
  author = {Tricia Rose},
  date = {2008},
  publisher = {Basic Civitas},
  location = {New York}}